%% This BibTeX bibliography file was created using BibDesk.
%% https://bibdesk.sourceforge.io/

%% Created for Christophe DUTANG at 2021-09-24 15:05:06 +0200 


%% Saved with string encoding Unicode (UTF-8) 



@book{nocedal06,
	author = {J. Nocedal and S. J. Wright},
	date-added = {2021-09-24 15:04:51 +0200},
	date-modified = {2021-09-24 15:04:51 +0200},
	publisher = {Springer Science+Business Media},
	title = {Numerical Optimization},
	year = {2006}}

@book{clemarechal,
	author = {J. F. Bonnans and J. C. Gilbert and C. Lemar\'echal and C. A. Sagastiz\'abal},
	date-added = {2021-09-24 15:04:51 +0200},
	date-modified = {2021-09-24 15:04:51 +0200},
	publisher = {Springer-Verlag},
	title = {Numerical Optimization: Theoretical and Practical Aspects, Second edition},
	year = {2006}}

@techreport{suppl:material:paper21,
	author = {S. Mahdi and A. Verma and C. Dutang and P. Kiener and J.C. Nash},
	date-added = {2021-09-19 10:21:19 +0200},
	date-modified = {2021-09-19 10:21:19 +0200},
	institution = {{Zenodo}},
	title = {Supplementary Materials for the paper 'a Review of {R} Neural Network Packages (with {NNbenchmark}): Accuracy and Ease of Use'},
	url = {https://doi.org/10.5281/zenodo.5515799},
	year = {2021},
	Bdsk-Url-1 = {https://doi.org/10.5281/zenodo.4360393}}

@book{ripley2007pattern,
	author = {Ripley, Brian D},
	publisher = {Cambridge university press},
	title = {Pattern recognition and neural networks},
	year = {2007}}

@book{izenman2008modern,
	author = {Izenman, Alan Julian},
	publisher = {Springer},
	title = {Modern multivariate statistical techniques},
	year = {2008}}

@book{friedman2001elements,
	author = {Friedman, Jerome and Hastie, Trevor and Tibshirani, Robert and others},
	number = {10},
	publisher = {Springer series in statistics New York},
	title = {The elements of statistical learning},
	volume = {1},
	year = {2001}}

@article{prechelt1994set,
	author = {Prechelt, Lutz Prechelt and others},
	publisher = {Citeseer},
	title = {---A Set of Neural Network Benchmark Problems and Benchmarking Rules},
	year = {1994}}

@article{witczak2006gmdh,
	author = {Witczak, Marcin and Korbicz, J{\'o}zef and Mrugalski, Marcin and Patton, Ron J},
	journal = {Control Engineering Practice},
	number = {6},
	pages = {671--683},
	publisher = {Elsevier},
	title = {A GMDH neural network-based approach to robust fault diagnosis: Application to the DAMADICS benchmark problem},
	volume = {14},
	year = {2006}}

@article{WANG2020105120,
	author = {Qi Wang and Guangyin Jin and Xia Zhao and Yanghe Feng and Jincai Huang},
	doi = {https://doi.org/10.1016/j.knosys.2019.105120},
	issn = {0950-7051},
	journal = {Knowledge-Based Systems},
	keywords = {Crime situation awareness, Crime forecasting, Variational auto-encoder, Sequence generation, Spatio-temporal analysis},
	pages = {105120},
	title = {CSAN: A neural network benchmark model for crime forecasting in spatio-temporal scale},
	url = {https://www.sciencedirect.com/science/article/pii/S0950705119304873},
	volume = {189},
	year = {2020},
	Bdsk-Url-1 = {https://www.sciencedirect.com/science/article/pii/S0950705119304873},
	Bdsk-Url-2 = {https://doi.org/10.1016/j.knosys.2019.105120}}

@article{bianco2018benchmark,
	author = {Bianco, Simone and Cadene, Remi and Celona, Luigi and Napoletano, Paolo},
	journal = {IEEE Access},
	pages = {64270--64277},
	publisher = {IEEE},
	title = {Benchmark analysis of representative deep neural network architectures},
	volume = {6},
	year = {2018}}

@article{xie2020nnbench,
	author = {Xie, Xinfeng and Hu, Xing and Gu, Peng and Li, Shuangchen and Ji, Yu and Xie, Yuan},
	journal = {ACM Transactions on Architecture and Code Optimization (TACO)},
	number = {4},
	pages = {1--25},
	publisher = {ACM New York, NY, USA},
	title = {NNBench-X: A Benchmarking Methodology for Neural Network Accelerator Designs},
	volume = {17},
	year = {2020}}

@inproceedings{adolf2016fathom,
	author = {Adolf, Robert and Rama, Saketh and Reagen, Brandon and Wei, Gu-Yeon and Brooks, David},
	booktitle = {2016 IEEE International Symposium on Workload Characterization (IISWC)},
	organization = {IEEE},
	pages = {1--10},
	title = {Fathom: Reference workloads for modern deep learning methods},
	year = {2016}}

@article{tao2018benchip,
	author = {Tao, Jinhua and Du, Zidong and Guo, Qi and Lan, Huiying and Zhang, Lei and Zhou, Shengyuan and Xu, Lingjie and Liu, Cong and Liu, Haifeng and Tang, Shan and others},
	issue = {1},
	journal = {Journal of Computer Science and Technology},
	title = {Benchip: Benchmarking intelligence processors},
	volume = {33},
	year = {2018}}

@techreport{suppl:material:paper,
	author = {S. Mahdi and A. Verma and C. Dutang and P. Kiener and J.C. Nash},
	institution = {{Zenodo}},
	title = {Supplementary Materials for the paper 'a Review of {R} Neural Network Packages (with {NNbenchmark}): Accuracy and Ease of Use'},
	url = {https://doi.org/10.5281/zenodo.4360393},
	year = {2020},
	Bdsk-Url-1 = {https://doi.org/10.5281/zenodo.4360393}}

@inproceedings{tan2019review,
	author = {Tan, Hong Hui and Lim, King Hann},
	booktitle = {IOP Conference Series: Materials Science and Engineering},
	number = {1},
	organization = {IOP Publishing},
	pages = {012003},
	title = {Review of second-order optimization techniques in artificial neural networks backpropagation},
	url = {https://doi.org/10.1088/1757-899X/495/1/012003},
	volume = {495},
	year = {2019},
	Bdsk-Url-1 = {https://doi.org/10.1088/1757-899X/495/1/012003}}

@techreport{rustnist96:Gauss3,
	author = {B. Rust},
	institution = {{NIST}},
	title = {Nonlinear least square regression: Gauss3 dataset},
	url = {https://www.itl.nist.gov/div898/strd/nls/data/LINKS/DATA/Gauss3.dat},
	year = {1996},
	Bdsk-Url-1 = {https://www.itl.nist.gov/div898/strd/nls/data/LINKS/DATA/Gauss3.dat}}

@techreport{rustnist96:Gauss2,
	author = {B. Rust},
	institution = {{NIST}},
	title = {Nonlinear least square regression: Gauss2 dataset},
	url = {https://www.itl.nist.gov/div898/strd/nls/data/LINKS/DATA/Gauss2.dat},
	year = {1996},
	Bdsk-Url-1 = {https://www.itl.nist.gov/div898/strd/nls/data/LINKS/DATA/Gauss2.dat}}

@techreport{rustnist96:Gauss1,
	author = {B. Rust},
	institution = {{NIST}},
	title = {Nonlinear least square regression: Gauss1 dataset},
	url = {https://www.itl.nist.gov/div898/strd/nls/data/LINKS/DATA/Gauss1.dat},
	year = {1996},
	Bdsk-Url-1 = {https://www.itl.nist.gov/div898/strd/nls/data/LINKS/DATA/Gauss1.dat}}

@inproceedings{ishigamietal90,
	author = {T. Ishigami and T. Homma},
	booktitle = {In Uncertainty Modeling and Analysis, 1990. Proceedings., First International Symposium},
	number = {3},
	pages = {742-751},
	title = {An importance quantification technique in uncertainty analysis for computer models},
	url = {https://doi.org/10.1109/ISUMA.1990.151285},
	volume = {94},
	year = {1990},
	Bdsk-Url-1 = {https://doi.org/10.1109/ISUMA.1990.151285}}

@article{dettePepelyshev10,
	author = {H. Dette and A. Pepelyshev},
	journal = {Technometrics},
	number = {4},
	title = {Generalized latin hypercube design for computer experiments},
	url = {https://doi.org/10.1198/TECH.2010.09157},
	volume = {52},
	year = {2010},
	Bdsk-Url-1 = {https://doi.org/10.1198/TECH.2010.09157}}

@article{friedman91,
	author = {J.H. Friedman},
	journal = {The Annals of Statistics},
	number = {1},
	pages = {1-67},
	title = {Multivariate adaptive regression splines},
	url = {https://doi.org/10.1214/aos/1176347963},
	volume = {19},
	year = {1991},
	Bdsk-Url-1 = {https://doi.org/10.1214/aos/1176347963}}

@manual{minpack.lm,
	author = {Timur V. Elzhov and Katharine M. Mullen and Andrej-Nikolai Spiess and Ben Bolker},
	note = {R package version 1.2-1},
	title = {minpack.lm: R Interface to the Levenberg-Marquardt Nonlinear Least-Squares Algorithm Found in MINPACK, Plus Support for Bounds},
	url = {https://CRAN.R-project.org/package=minpack.lm},
	year = {2016},
	Bdsk-Url-1 = {https://CRAN.R-project.org/package=minpack.lm}}

@article{wood2011fast,
	author = {Wood, Simon N},
	journal = {Journal of the Royal Statistical Society: Series B (Statistical Methodology)},
	number = {1},
	pages = {3--36},
	publisher = {Wiley Online Library},
	title = {Fast stable restricted maximum likelihood and marginal likelihood estimation of semiparametric generalized linear models},
	url = {https://doi.org/10.1111/j.1467-9868.2010.00749.x},
	volume = {73},
	year = {2011},
	Bdsk-Url-1 = {https://doi.org/10.1111/j.1467-9868.2010.00749.x}}

@article{chai2014root,
	author = {Chai, Tianfeng and Draxler, Roland R},
	journal = {Geoscientific model development},
	number = {3},
	pages = {1247--1250},
	publisher = {Copernicus GmbH},
	title = {Root mean square error ({RMSE}) or mean absolute error ({MAE})? -- Arguments against avoiding {RMSE} in the literature},
	url = {https://doi.org/10.5194/gmd-7-1247-2014},
	volume = {7},
	year = {2014},
	Bdsk-Url-1 = {https://doi.org/10.5194/gmd-7-1247-2014}}

@article{willmott2005advantages,
	author = {Willmott, Cort J and Matsuura, Kenji},
	journal = {Climate research},
	number = {1},
	pages = {79--82},
	title = {Advantages of the mean absolute error (MAE) over the root mean square error (RMSE) in assessing average model performance},
	url = {https://doi.org/10.3354/cr030079},
	volume = {30},
	year = {2005},
	Bdsk-Url-1 = {https://doi.org/10.3354/cr030079}}

@manual{R-AMORE,
	author = {Manuel Castejon Limas and Joaquin B. Ordieres Mere and Ana Gonzalez Marcos and Francisco Javier Martinez de Pison Ascacibar and Alpha V. Pernia Espinoza and Fernando Alba Elias and Jose Maria Perez Ramos},
	note = {R package version 0.2-16},
	title = {AMORE: Artificial Neural Network Training and Simulating},
	url = {https://CRAN.R-project.org/package=AMORE},
	year = {2020},
	Bdsk-Url-1 = {https://CRAN.R-project.org/package=AMORE}}

@manual{R-ANN2,
	author = {Bart Lammers},
	note = {R package version 2.3.3},
	title = {ANN2: Artificial Neural Networks for Anomaly Detection},
	url = {https://CRAN.R-project.org/package=ANN2},
	year = {2020},
	Bdsk-Url-1 = {https://CRAN.R-project.org/package=ANN2}}

@manual{R-appnn,
	author = {Carlos Fam{\'\i}lia and Sarah R. Dennison and Alexandre Quintas and David A. Phoenix},
	note = {R package version 1.0-0},
	title = {appnn: Amyloid Propensity Prediction Neural Network},
	url = {https://CRAN.R-project.org/package=appnn},
	year = {2015},
	Bdsk-Url-1 = {https://CRAN.R-project.org/package=appnn}}

@manual{R-autoencoder,
	author = {Eugene Dubossarsky and Yuriy Tyshetskiy},
	note = {R package version 1.1},
	title = {autoencoder: Sparse Autoencoder for Automatic Learning of Representative Features from Unlabeled Data},
	url = {https://CRAN.R-project.org/package=autoencoder},
	year = {2015},
	Bdsk-Url-1 = {https://CRAN.R-project.org/package=autoencoder}}

@manual{R-automl,
	author = {Alex Boulang{\'e}},
	note = {R package version 1.3.2},
	title = {automl: Deep Learning with Metaheuristic},
	url = {https://CRAN.R-project.org/package=automl},
	year = {2020},
	Bdsk-Url-1 = {https://CRAN.R-project.org/package=automl}}

@manual{R-BNN,
	author = {Bochao Jia},
	note = {R package version 1.0.2},
	title = {BNN: Bayesian Neural Network for High-Dimensional Nonlinear Variable Selection},
	url = {https://CRAN.R-project.org/package=BNN},
	year = {2018},
	Bdsk-Url-1 = {https://CRAN.R-project.org/package=BNN}}

@manual{R-brnn,
	author = {Paulino Perez Rodriguez and Daniel Gianola},
	note = {R package version 0.8},
	title = {brnn: Bayesian Regularization for Feed-Forward Neural Networks},
	url = {https://CRAN.R-project.org/package=brnn},
	year = {2020},
	Bdsk-Url-1 = {https://CRAN.R-project.org/package=brnn}}

@manual{R-Buddle,
	author = {Jiwoong Kim},
	note = {R package version 2.0.1},
	title = {Buddle: A Deep Learning for Statistical Classification and Regression Analysis with Random Effects},
	url = {https://CRAN.R-project.org/package=Buddle},
	year = {2020},
	Bdsk-Url-1 = {https://CRAN.R-project.org/package=Buddle}}

@manual{R-CaDENCE,
	author = {Alex J. Cannon},
	note = {R package version 1.2.5},
	title = {CaDENCE: Conditional Density Estimation Network Construction and Evaluation},
	url = {https://CRAN.R-project.org/package=CaDENCE},
	year = {2017},
	Bdsk-Url-1 = {https://CRAN.R-project.org/package=CaDENCE}}

@manual{R-cld2,
	author = {Jeroen Ooms},
	note = {R package version 1.2},
	title = {cld2: Google's Compact Language Detector 2},
	url = {https://CRAN.R-project.org/package=cld2},
	year = {2018},
	Bdsk-Url-1 = {https://CRAN.R-project.org/package=cld2}}

@manual{R-cld3,
	author = {Jeroen Ooms},
	note = {R package version 1.3},
	title = {cld3: Google's Compact Language Detector 3},
	url = {https://CRAN.R-project.org/package=cld3},
	year = {2020},
	Bdsk-Url-1 = {https://CRAN.R-project.org/package=cld3}}

@manual{R-condmixt,
	author = {Julie Carreau},
	note = {R package version 1.1},
	title = {condmixt: Conditional Density Estimation with Neural Network Conditional Mixtures},
	url = {https://CRAN.R-project.org/package=condmixt},
	year = {2020},
	Bdsk-Url-1 = {https://CRAN.R-project.org/package=condmixt}}

@manual{R-DamiaNN,
	author = {Damian Siniakowicz},
	note = {R package version 1.0.0},
	title = {DamiaNN: Neural Network Numerai},
	url = {https://CRAN.R-project.org/package=DamiaNN},
	year = {2016},
	Bdsk-Url-1 = {https://CRAN.R-project.org/package=DamiaNN}}

@manual{R-deep,
	author = {Brian Lee Mayer},
	note = {R package version 0.1.0},
	title = {deep: A Neural Networks Framework},
	url = {https://CRAN.R-project.org/package=deep},
	year = {2019},
	Bdsk-Url-1 = {https://CRAN.R-project.org/package=deep}}

@manual{R-deepdive,
	author = {Rajesh Balakrishnan},
	note = {R package version 1.0.1},
	title = {deepdive: Deep Learning for General Purpose},
	url = {https://CRAN.R-project.org/package=deepdive},
	year = {2020},
	Bdsk-Url-1 = {https://CRAN.R-project.org/package=deepdive}}

@manual{R-deepnet,
	author = {Xiao Rong},
	note = {R package version 0.2},
	title = {deepnet: deep learning toolkit in R},
	url = {https://CRAN.R-project.org/package=deepnet},
	year = {2014},
	Bdsk-Url-1 = {https://CRAN.R-project.org/package=deepnet}}

@manual{R-deepNN,
	author = {Benjamin Taylor},
	note = {R package version 1.0},
	title = {deepNN: Deep Learning},
	url = {https://CRAN.R-project.org/package=deepNN},
	year = {2020},
	Bdsk-Url-1 = {https://CRAN.R-project.org/package=deepNN}}

@manual{R-DNMF,
	author = {Zhilong Jia and Xiang Zhang},
	note = {R package version 1.3},
	title = {DNMF: Discriminant Non-Negative Matrix Factorization},
	url = {https://CRAN.R-project.org/package=DNMF},
	year = {2015},
	Bdsk-Url-1 = {https://CRAN.R-project.org/package=DNMF}}

@manual{R-elmNNRcpp,
	author = {Lampros Mouselimis and Alberto Gosso},
	note = {R package version 1.0.2},
	title = {elmNNRcpp: The Extreme Learning Machine Algorithm},
	url = {https://CRAN.R-project.org/package=elmNNRcpp},
	year = {2020},
	Bdsk-Url-1 = {https://CRAN.R-project.org/package=elmNNRcpp}}

@manual{R-ELMR,
	author = {Alessio Petrozziello},
	note = {R package version 1.0},
	title = {ELMR: Extreme Machine Learning (ELM)},
	url = {https://CRAN.R-project.org/package=ELMR},
	year = {2015},
	Bdsk-Url-1 = {https://CRAN.R-project.org/package=ELMR}}

@manual{R-EnsembleBase,
	author = {Alireza S. Mahani and Mansour T.A. Sharabiani},
	note = {R package version 1.0.2},
	title = {EnsembleBase: Extensible Package for Parallel, Batch Training of Base Learners for Ensemble Modeling},
	url = {https://CRAN.R-project.org/package=EnsembleBase},
	year = {2016},
	Bdsk-Url-1 = {https://CRAN.R-project.org/package=EnsembleBase}}

@manual{R-evclass,
	author = {Thierry Denoeux},
	note = {R package version 1.1.1},
	title = {evclass: Evidential Distance-Based Classification},
	url = {https://CRAN.R-project.org/package=evclass},
	year = {2017},
	Bdsk-Url-1 = {https://CRAN.R-project.org/package=evclass}}

@manual{R-gamlss.add,
	author = {Mikis Stasinopoulos and Bob Rigby and Vlasios Voudouris and Daniil Kiose},
	note = {R package version 5.1-6},
	title = {gamlss.add: Extra Additive Terms for Generalized Additive Models for Location Scale and Shape},
	url = {https://CRAN.R-project.org/package=gamlss.add},
	year = {2020},
	Bdsk-Url-1 = {https://CRAN.R-project.org/package=gamlss.add}}

@manual{R-gcForest,
	author = {Xu Jing},
	note = {R package version 0.2.7},
	title = {gcForest: Deep Forest Model},
	url = {https://CRAN.R-project.org/package=gcForest},
	year = {2018},
	Bdsk-Url-1 = {https://CRAN.R-project.org/package=gcForest}}

@manual{R-GMDH,
	author = {Osman Dag and Ceylan Yozgatligil},
	note = {R package version 1.6},
	title = {GMDH: Short Term Forecasting via GMDH-Type Neural Network Algorithms},
	url = {https://CRAN.R-project.org/package=GMDH},
	year = {2016},
	Bdsk-Url-1 = {https://CRAN.R-project.org/package=GMDH}}

@manual{R-GMDH2,
	author = {Osman Dag and Erdem Karabulut and Reha Alpar},
	note = {R package version 1.5},
	title = {GMDH2: Binary Classification via GMDH-Type Neural Network Algorithms},
	url = {https://CRAN.R-project.org/package=GMDH2},
	year = {2019},
	Bdsk-Url-1 = {https://CRAN.R-project.org/package=GMDH2}}

@manual{R-GMDHreg,
	author = {Manuel Villacorta Tilve},
	note = {R package version 0.2.1},
	title = {GMDHreg: Regression using GMDH Algorithms},
	url = {https://CRAN.R-project.org/package=GMDHreg},
	year = {2020},
	Bdsk-Url-1 = {https://CRAN.R-project.org/package=GMDHreg}}

@manual{R-gnn,
	author = {Marius Hofert and Avinash Prasad},
	note = {R package version 0.0-2},
	title = {gnn: Generative Neural Networks},
	url = {https://CRAN.R-project.org/package=gnn},
	year = {2020},
	Bdsk-Url-1 = {https://CRAN.R-project.org/package=gnn}}

@manual{R-grnn,
	author = {Pierre-Olivier Chasset},
	note = {R package version 0.1.0},
	title = {grnn: General regression neural network},
	url = {https://CRAN.R-project.org/package=grnn},
	year = {2013},
	Bdsk-Url-1 = {https://CRAN.R-project.org/package=grnn}}

@manual{R-h2o,
	author = {Erin LeDell and Navdeep Gill and Spencer Aiello and Anqi Fu and Arno Candel and Cliff Click and Tom Kraljevic and Tomas Nykodym and Patrick Aboyoun and Michal Kurka and Michal Malohlava},
	note = {R package version 3.30.0.1},
	title = {h2o: R Interface for the 'H2O' Scalable Machine Learning Platform},
	url = {https://CRAN.R-project.org/package=h2o},
	year = {2020},
	Bdsk-Url-1 = {https://CRAN.R-project.org/package=h2o}}

@manual{R-hybridEnsemble,
	author = {Michel Ballings and Dauwe Vercamer and Dirk {Van den Poel}},
	note = {R package version 1.0.0},
	title = {hybridEnsemble: Build, Deploy and Evaluate Hybrid Ensembles},
	url = {https://CRAN.R-project.org/package=hybridEnsemble},
	year = {2015},
	Bdsk-Url-1 = {https://CRAN.R-project.org/package=hybridEnsemble}}

@manual{R-isingLenzMC,
	author = {Mehmet Suzen},
	note = {R package version 0.2.5},
	title = {isingLenzMC: Monte Carlo for Classical Ising Model},
	url = {https://CRAN.R-project.org/package=isingLenzMC},
	year = {2016},
	Bdsk-Url-1 = {https://CRAN.R-project.org/package=isingLenzMC}}

@manual{R-keras,
	author = {JJ Allaire and Fran{\c c}ois Chollet},
	note = {R package version 2.3.0.0},
	title = {keras: R Interface to 'Keras'},
	url = {https://CRAN.R-project.org/package=keras},
	year = {2020},
	Bdsk-Url-1 = {https://CRAN.R-project.org/package=keras}}

@manual{R-kerasR,
	author = {Taylor Arnold},
	note = {R package version 0.6.1},
	title = {kerasR: R Interface to the Keras Deep Learning Library},
	url = {https://CRAN.R-project.org/package=kerasR},
	year = {2017},
	Bdsk-Url-1 = {https://CRAN.R-project.org/package=kerasR}}

@manual{R-leabRa,
	author = {Johannes Titz},
	note = {R package version 0.1.0},
	title = {leabRa: The Artificial Neural Networks Algorithm Leabra},
	url = {https://CRAN.R-project.org/package=leabRa},
	year = {2017},
	Bdsk-Url-1 = {https://CRAN.R-project.org/package=leabRa}}

@manual{R-learNN,
	author = {Bastiaan Quast},
	note = {R package version 0.2.0},
	title = {learNN: Examples of Neural Networks},
	url = {https://CRAN.R-project.org/package=learNN},
	year = {2015},
	Bdsk-Url-1 = {https://CRAN.R-project.org/package=learNN}}

@manual{R-LilRhino,
	author = {Travis Barton},
	note = {R package version 1.2.0},
	title = {LilRhino: For Implementation of Feed Reduction, Learning Examples, NLP and Code Management},
	url = {https://CRAN.R-project.org/package=LilRhino},
	year = {2019},
	Bdsk-Url-1 = {https://CRAN.R-project.org/package=LilRhino}}

@manual{R-MachineShop,
	author = {Brian J Smith},
	note = {R package version 2.5.0},
	title = {MachineShop: Machine Learning Models and Tools},
	url = {https://CRAN.R-project.org/package=MachineShop},
	year = {2020},
	Bdsk-Url-1 = {https://CRAN.R-project.org/package=MachineShop}}

@manual{R-minpack.lm,
	author = {Timur V. Elzhov and Katharine M. Mullen and Andrej-Nikolai Spiess and Ben Bolker},
	note = {R package version 1.2-1},
	title = {minpack.lm: R Interface to the Levenberg-Marquardt Nonlinear Least-Squares Algorithm Found in MINPACK, Plus Support for Bounds},
	url = {https://CRAN.R-project.org/package=minpack.lm},
	year = {2016},
	Bdsk-Url-1 = {https://CRAN.R-project.org/package=minpack.lm}}

@manual{R-monmlp,
	author = {Alex J. Cannon},
	note = {R package version 1.1.5},
	title = {monmlp: Multi-Layer Perceptron Neural Network with Optional Monotonicity Constraints},
	url = {https://CRAN.R-project.org/package=monmlp},
	year = {2017},
	Bdsk-Url-1 = {https://CRAN.R-project.org/package=monmlp}}

@manual{R-neural,
	author = {Adam Nagy},
	note = {R package version 1.4.2.2},
	title = {neural: Neural Networks},
	url = {https://CRAN.R-project.org/package=neural},
	year = {2014},
	Bdsk-Url-1 = {https://CRAN.R-project.org/package=neural}}

@manual{R-neuralnet,
	author = {Stefan Fritsch and Frauke Guenther and Marvin N. Wright},
	note = {R package version 1.44.2},
	title = {neuralnet: Training of Neural Networks},
	url = {https://CRAN.R-project.org/package=neuralnet},
	year = {2019},
	Bdsk-Url-1 = {https://CRAN.R-project.org/package=neuralnet}}

@manual{R-NeuralNetTools,
	author = {Marcus W. Beck},
	note = {R package version 1.5.2},
	title = {NeuralNetTools: Visualization and Analysis Tools for Neural Networks},
	url = {https://CRAN.R-project.org/package=NeuralNetTools},
	year = {2018},
	Bdsk-Url-1 = {https://CRAN.R-project.org/package=NeuralNetTools}}

@manual{R-NeuralSens,
	author = {Jos{\'e} {Portela Gonz{\'a}lez} and Antonio {Mu{\~n}oz San Roque} and Jaime {Pizarroso Gonzalo}},
	note = {R package version 0.2.1},
	title = {NeuralSens: Sensitivity Analysis of Neural Networks},
	url = {https://CRAN.R-project.org/package=NeuralSens},
	year = {2020},
	Bdsk-Url-1 = {https://CRAN.R-project.org/package=NeuralSens}}

@manual{R-NlinTS,
	author = {Youssef Hmamouche},
	note = {R package version 1.4.2},
	title = {NlinTS: Models for Non Linear Causality Detection in Time Series},
	url = {https://CRAN.R-project.org/package=NlinTS},
	year = {2020},
	Bdsk-Url-1 = {https://CRAN.R-project.org/package=NlinTS}}

@manual{R-nlsr,
	author = {John C Nash and Duncan Murdoch},
	note = {R package version 2019.9.7},
	title = {nlsr: Functions for Nonlinear Least Squares Solutions},
	url = {https://CRAN.R-project.org/package=nlsr},
	year = {2019},
	Bdsk-Url-1 = {https://CRAN.R-project.org/package=nlsr}}

@manual{R-nnet,
	author = {Brian Ripley},
	note = {R package version 7.3-14},
	title = {nnet: Feed-Forward Neural Networks and Multinomial Log-Linear Models},
	url = {https://CRAN.R-project.org/package=nnet},
	year = {2020},
	Bdsk-Url-1 = {https://CRAN.R-project.org/package=nnet}}

@manual{R-nnetpredint,
	author = {Xichen Ding},
	note = {R package version 1.2},
	title = {nnetpredint: Prediction Intervals of Multi-Layer Neural Networks},
	url = {https://CRAN.R-project.org/package=nnetpredint},
	year = {2015},
	Bdsk-Url-1 = {https://CRAN.R-project.org/package=nnetpredint}}

@manual{R-nnfor,
	author = {Nikolaos Kourentzes},
	note = {R package version 0.9.6},
	title = {nnfor: Time Series Forecasting with Neural Networks},
	url = {https://CRAN.R-project.org/package=nnfor},
	year = {2019},
	Bdsk-Url-1 = {https://CRAN.R-project.org/package=nnfor}}

@manual{R-nnlib2Rcpp,
	author = {Vasilis Nikolaidis},
	note = {R package version 0.1.4},
	title = {nnlib2Rcpp: A Collection of Neural Networks},
	url = {https://CRAN.R-project.org/package=nnlib2Rcpp},
	year = {2020},
	Bdsk-Url-1 = {https://CRAN.R-project.org/package=nnlib2Rcpp}}

@manual{R-nntrf,
	author = {Ricardo Aler and Jose Valls},
	note = {R package version 0.1.3},
	title = {nntrf: Supervised Data Transformation by Means of Neural Network Hidden Layers},
	url = {https://CRAN.R-project.org/package=nntrf},
	year = {2020},
	Bdsk-Url-1 = {https://CRAN.R-project.org/package=nntrf}}

@manual{R-onnx,
	author = {Yuan Tang and {ONNX Authors}},
	note = {R package version 0.0.2},
	title = {onnx: R Interface to 'ONNX'},
	url = {https://CRAN.R-project.org/package=onnx},
	year = {2018},
	Bdsk-Url-1 = {https://CRAN.R-project.org/package=onnx}}

@manual{R-OptimClassifier,
	author = {Agustin Perez-Martin and Agustin Perez-Torregrosa and Marta Vaca-Lamata and Antonio Jose Verdu-Jover},
	note = {R package version 0.1.5},
	title = {OptimClassifier: Create the Best Train for Classification Models},
	url = {https://CRAN.R-project.org/package=OptimClassifier},
	year = {2020},
	Bdsk-Url-1 = {https://CRAN.R-project.org/package=OptimClassifier}}

@manual{R-optimx,
	author = {John C Nash and Ravi Varadhan},
	note = {R package version 2020-4.2},
	title = {optimx: Expanded Replacement and Extension of the 'optim' Function},
	url = {https://CRAN.R-project.org/package=optimx},
	year = {2020},
	Bdsk-Url-1 = {https://CRAN.R-project.org/package=optimx}}

@manual{R-OSTSC,
	author = {Matthew Dixon and Diego Klabjan and Lan Wei},
	note = {R package version 0.0.1},
	title = {OSTSC: Over Sampling for Time Series Classification},
	url = {https://CRAN.R-project.org/package=OSTSC},
	year = {2017},
	Bdsk-Url-1 = {https://CRAN.R-project.org/package=OSTSC}}

@manual{R-passt,
	author = {Johannes Titz},
	note = {R package version 0.1.1},
	title = {passt: Probability Associator Time (PASS-T)},
	url = {https://CRAN.R-project.org/package=passt},
	year = {2019},
	Bdsk-Url-1 = {https://CRAN.R-project.org/package=passt}}

@manual{R-pnn,
	author = {Pierre-Olivier Chasset},
	note = {R package version 1.0.1},
	title = {pnn: Probabilistic neural networks},
	url = {https://CRAN.R-project.org/package=pnn},
	year = {2013},
	Bdsk-Url-1 = {https://CRAN.R-project.org/package=pnn}}

@manual{R-predictoR,
	author = {Oldemar Rodriguez R. with contributions from Diego Jimenez A. and Andres Navarro D.},
	note = {R package version 1.1.3},
	title = {predictoR: Predictive Data Analysis System},
	url = {https://CRAN.R-project.org/package=predictoR},
	year = {2020},
	Bdsk-Url-1 = {https://CRAN.R-project.org/package=predictoR}}

@manual{R-ProcData,
	author = {Xueying Tang and Susu Zhang and Zhi Wang and Jingchen Liu and Zhiliang Ying},
	note = {R package version 0.2.5},
	title = {ProcData: Process Data Analysis},
	url = {https://CRAN.R-project.org/package=ProcData},
	year = {2020},
	Bdsk-Url-1 = {https://CRAN.R-project.org/package=ProcData}}

@manual{R-qrnn,
	author = {Alex J. Cannon},
	note = {R package version 2.0.5},
	title = {qrnn: Quantile Regression Neural Network},
	url = {https://CRAN.R-project.org/package=qrnn},
	year = {2019},
	Bdsk-Url-1 = {https://CRAN.R-project.org/package=qrnn}}

@manual{R-quarrint,
	author = {Johan Barthelemy and Timoteo Carletti and Louise Collier and Vincent Hallet and Marie Moriame and Annick Sartenaer},
	note = {R package version 1.0.0},
	title = {quarrint: Interaction Prediction Between Groundwater and Quarry Extension Using Discrete Choice Models and Artificial Neural Networks},
	url = {https://CRAN.R-project.org/package=quarrint},
	year = {2016},
	Bdsk-Url-1 = {https://CRAN.R-project.org/package=quarrint}}

@manual{R-radiant.model,
	author = {Vincent Nijs},
	note = {R package version 1.3.10},
	title = {radiant.model: Model Menu for Radiant: Business Analytics using R and Shiny},
	url = {https://CRAN.R-project.org/package=radiant.model},
	year = {2020},
	Bdsk-Url-1 = {https://CRAN.R-project.org/package=radiant.model}}

@manual{R-rasclass,
	author = {Daniel Wiesmann and David Quinn},
	note = {R package version 0.2.2},
	title = {rasclass: Supervised Raster Image Classification},
	url = {https://CRAN.R-project.org/package=rasclass},
	year = {2016},
	Bdsk-Url-1 = {https://CRAN.R-project.org/package=rasclass}}

@manual{R-rcane,
	author = {Akshay Suresh and Siddhesh Acharekar and Hsiangwei Chao and Shiva Yogi Biradar},
	note = {R package version 1.0},
	title = {rcane: Different Numeric Optimizations to Estimate Parameter Coefficients},
	url = {https://CRAN.R-project.org/package=rcane},
	year = {2018},
	Bdsk-Url-1 = {https://CRAN.R-project.org/package=rcane}}

@manual{R-regressoR,
	author = {Oldemar {Rodriguez R.}},
	note = {R package version 1.1.9},
	title = {regressoR: Regression Data Analysis System},
	url = {https://CRAN.R-project.org/package=regressoR},
	year = {2019},
	Bdsk-Url-1 = {https://CRAN.R-project.org/package=regressoR}}

@manual{R-rminer,
	author = {Paulo Cortez},
	note = {R package version 1.4.5},
	title = {rminer: Data Mining Classification and Regression Methods},
	url = {https://CRAN.R-project.org/package=rminer},
	year = {2020},
	Bdsk-Url-1 = {https://CRAN.R-project.org/package=rminer}}

@manual{R-rnn,
	author = {Bastiaan Quast and Dimitri Fichou},
	note = {R package version 1.4.0},
	title = {rnn: Recurrent Neural Network},
	url = {https://CRAN.R-project.org/package=rnn},
	year = {2020},
	Bdsk-Url-1 = {https://CRAN.R-project.org/package=rnn}}

@manual{R-RSNNS,
	author = {Christoph Bergmeir},
	note = {R package version 0.4-12},
	title = {RSNNS: Neural Networks using the Stuttgart Neural Network Simulator (SNNS)},
	url = {https://CRAN.R-project.org/package=RSNNS},
	year = {2019},
	Bdsk-Url-1 = {https://CRAN.R-project.org/package=RSNNS}}

@manual{R-RTextTools,
	author = {Timothy P. Jurka and Loren Collingwood and Amber E. Boydstun and Emiliano Grossman and Wouter {van Atteveldt}},
	note = {R package version 1.4.3},
	title = {RTextTools: Automatic Text Classification via Supervised Learning},
	url = {https://CRAN.R-project.org/package=RTextTools},
	year = {2020},
	Bdsk-Url-1 = {https://CRAN.R-project.org/package=RTextTools}}

@manual{R-ruta,
	author = {David Charte and Francisco Charte and Francisco Herrera},
	note = {R package version 1.1.0},
	title = {ruta: Implementation of Unsupervised Neural Architectures},
	url = {https://CRAN.R-project.org/package=ruta},
	year = {2019},
	Bdsk-Url-1 = {https://CRAN.R-project.org/package=ruta}}

@manual{R-RWsearch,
	author = {Patrice Kiener},
	note = {R package version 4.8.0},
	title = {RWsearch: Lazy Search in R Packages, Task Views, CRAN, the Web. All-in-One Download},
	url = {https://CRAN.R-project.org/package=RWsearch},
	year = {2020},
	Bdsk-Url-1 = {https://CRAN.R-project.org/package=RWsearch}}

@manual{R-simpleNeural,
	author = {David Dernoncourt},
	note = {R package version 0.1.3},
	title = {simpleNeural: An Easy to Use Multilayer Perceptron},
	url = {https://CRAN.R-project.org/package=simpleNeural},
	year = {2020},
	Bdsk-Url-1 = {https://CRAN.R-project.org/package=simpleNeural}}

@manual{R-snnR,
	author = {Yangfan Wang and Ping Lin and Zhihui Chen and Zhenmin Bao and Guilherme J. M. Rosa},
	note = {R package version 1.0},
	title = {snnR: Sparse Neural Networks for Genomic Selection in Animal Breeding},
	url = {https://CRAN.R-project.org/package=snnR},
	year = {2017},
	Bdsk-Url-1 = {https://CRAN.R-project.org/package=snnR}}

@manual{R-softmaxreg,
	author = {Xichen Ding},
	note = {R package version 1.2},
	title = {softmaxreg: Training Multi-Layer Neural Network for Softmax Regression and Classification},
	url = {https://CRAN.R-project.org/package=softmaxreg},
	year = {2016},
	Bdsk-Url-1 = {https://CRAN.R-project.org/package=softmaxreg}}

@manual{R-Sojourn.Data,
	author = {Paul R. Hibbing and Kate Lyden},
	note = {R package version 0.1.0},
	title = {Sojourn.Data: Supporting Objects for Sojourn Accelerometer Methods},
	url = {https://CRAN.R-project.org/package=Sojourn.Data},
	year = {2019},
	Bdsk-Url-1 = {https://CRAN.R-project.org/package=Sojourn.Data}}

@manual{R-spnn,
	author = {Romin Ebrahimi},
	note = {R package version 1.2.1},
	title = {spnn: Scale Invariant Probabilistic Neural Networks},
	url = {https://CRAN.R-project.org/package=spnn},
	year = {2020},
	Bdsk-Url-1 = {https://CRAN.R-project.org/package=spnn}}

@manual{R-studyStrap,
	author = {Gabriel Loewinger},
	note = {R package version 1.0.0},
	title = {studyStrap: Study Strap and Multi-Study Learning Algorithms},
	url = {https://CRAN.R-project.org/package=studyStrap},
	year = {2020},
	Bdsk-Url-1 = {https://CRAN.R-project.org/package=studyStrap}}

@manual{R-TeachNet,
	author = {Georg Steinbuss},
	note = {R package version 0.7.1},
	title = {TeachNet: Fits Neural Networks to Learn About Backpropagation},
	url = {https://CRAN.R-project.org/package=TeachNet},
	year = {2018},
	Bdsk-Url-1 = {https://CRAN.R-project.org/package=TeachNet}}

@manual{R-tensorflow,
	author = {JJ Allaire and Yuan Tang},
	note = {R package version 2.2.0},
	title = {tensorflow: R Interface to 'TensorFlow'},
	url = {https://CRAN.R-project.org/package=tensorflow},
	year = {2020},
	Bdsk-Url-1 = {https://CRAN.R-project.org/package=tensorflow}}

@manual{R-tfestimators,
	author = {JJ Allaire and Yuan Tang and Kevin Ushey and Kevin Kuo},
	note = {R package version 1.9.1},
	title = {tfestimators: Interface to 'TensorFlow' Estimators},
	url = {https://CRAN.R-project.org/package=tfestimators},
	year = {2018},
	Bdsk-Url-1 = {https://CRAN.R-project.org/package=tfestimators}}

@manual{R-trackdem,
	author = {Marjolein Bruijning and Marco D. Visser and Caspar A. Hallmann and Eelke Jongejans},
	note = {R package version 0.5.2},
	title = {trackdem: Particle Tracking and Demography},
	url = {https://CRAN.R-project.org/package=trackdem},
	year = {2020},
	Bdsk-Url-1 = {https://CRAN.R-project.org/package=trackdem}}

@manual{R-TrafficBDE,
	author = {Aikaterini Chatzopoulou and Kleanthis Koupidis and Charalampos Bratsas},
	note = {R package version 0.1.0},
	title = {TrafficBDE: Traffic Status Prediction in Urban Places using Neural Network Models},
	url = {https://CRAN.R-project.org/package=TrafficBDE},
	year = {2018},
	Bdsk-Url-1 = {https://CRAN.R-project.org/package=TrafficBDE}}

@manual{R-traineR,
	author = {Oldemar {Rodriguez R.}},
	note = {R package version 1.0.0},
	title = {traineR: Predictive Models Homologator},
	url = {https://CRAN.R-project.org/package=traineR},
	year = {2019},
	Bdsk-Url-1 = {https://CRAN.R-project.org/package=traineR}}

@manual{R-tsfgrnn,
	author = {Maria Pilar Frias-Bustamante and Ana Maria Martinez-Rodriguez and Antonio Conde-Sanchez and Francisco Martinez},
	note = {R package version 0.1.0},
	title = {tsfgrnn: Time Series Forecasting Using GRNN},
	url = {https://CRAN.R-project.org/package=tsfgrnn},
	year = {2019},
	Bdsk-Url-1 = {https://CRAN.R-project.org/package=tsfgrnn}}

@manual{R-validann,
	author = {Greer B. Humphrey},
	note = {R package version 1.2.1},
	title = {validann: Validation Tools for Artificial Neural Networks},
	url = {https://CRAN.R-project.org/package=validann},
	year = {2017},
	Bdsk-Url-1 = {https://CRAN.R-project.org/package=validann}}

@manual{R-yager,
	author = {WenSui Liu},
	note = {R package version 0.1.0},
	title = {yager: Yet Another General Regression Neural Network},
	url = {https://CRAN.R-project.org/package=yager},
	year = {2020},
	Bdsk-Url-1 = {https://CRAN.R-project.org/package=yager}}

@manual{R-yap,
	author = {WenSui Liu},
	note = {R package version 0.1.0},
	title = {yap: Yet Another Probabilistic Neural Network},
	url = {https://CRAN.R-project.org/package=yap},
	year = {2020},
	Bdsk-Url-1 = {https://CRAN.R-project.org/package=yap}}

@manual{R-zFactor,
	author = {Alfonso R. Reyes},
	note = {R package version 0.1.9},
	title = {zFactor: Calculate the Compressibility Factor 'z' for Hydrocarbon Gases},
	url = {https://CRAN.R-project.org/package=zFactor},
	year = {2019},
	Bdsk-Url-1 = {https://CRAN.R-project.org/package=zFactor}}

@article{CaDENCE2012,
	author = {Alex J. Cannon},
	journal = {Computers \& Geosciences},
	pages = {126-135. doi:10.1016/j.cageo.2011.08.023},
	title = {Neural networks for probabilistic environmental prediction: Conditional Density Estimation Network Creation \& Evaluation (CaDENCE) in R},
	volume = {41},
	year = {2012}}

@article{GMDH2016,
	author = {O. Dag and C. Yozgatligil},
	journal = {The R Journal},
	number = {1},
	pages = {379-386},
	title = {GMDH: An R Package for Short Term Forecasting via GMDH-Type Neural Network Algorithms.},
	url = {https://journal.r-project.org/archive/2016-1/yozgatligil-dag.pdf},
	volume = {8},
	year = {2016},
	Bdsk-Url-1 = {https://journal.r-project.org/archive/2016-1/yozgatligil-dag.pdf}}

@article{GMDH22019,
	author = {O. Dag and E. Karabulut and R. Alpar},
	journal = {{International Journal of Computational Intelligence Systems}},
	number = {2},
	pages = {649--660},
	title = {{GMDH2: Binary Classification via GMDH-Type Neural Network Algorithms - R Package and Web-Based Tool}},
	url = {https://www.atlantis-press.com/journals/ijcis/125911202},
	volume = {12},
	year = {2019},
	Bdsk-Url-1 = {https://www.atlantis-press.com/journals/ijcis/125911202}}

@manual{grnn2013,
	address = {Nancy, France},
	author = {{P.-O. Chasset}},
	note = {Software},
	organization = {Independant scientist},
	title = {GRNN: General regression neural network for the statistical software R},
	url = {http://flow.chasset.net/r-grnn/},
	year = {2013},
	Bdsk-Url-1 = {http://flow.chasset.net/r-grnn/}}

@article{isingLenzMC2014,
	author = {Mehmet Suezen},
	journal = {Phys. Rev. E},
	number = {90},
	pages = {32141},
	title = {Effective ergodicity in single-spin-flip dynamics},
	url = {http://journals.aps.org/pre/abstract/10.1103/PhysRevE.90.032141},
	year = {2014},
	Bdsk-Url-1 = {http://journals.aps.org/pre/abstract/10.1103/PhysRevE.90.032141}}

@unpublished{isingLenzMC2020,
	author = {Mehmet Suezen},
	note = {pre-print},
	title = {Anomalous diffusion in convergence to effective ergodicity},
	url = {https://arxiv.org/abs/1606.08693},
	Bdsk-Url-1 = {https://arxiv.org/abs/1606.08693}}

@article{NeuralNetTools2018,
	author = {Marcus W. Beck},
	doi = {10.18637/jss.v085.i11},
	journal = {Journal of Statistical Software},
	number = {11},
	pages = {1--20},
	title = {{NeuralNetTools}: Visualization and Analysis Tools for Neural Networks},
	volume = {85},
	year = {2018},
	Bdsk-Url-1 = {https://doi.org/10.18637/jss.v085.i11}}

@book{nnet2002,
	address = {New York},
	author = {W. N. Venables and B. D. Ripley},
	edition = {Fourth},
	note = {ISBN 0-387-95457-0},
	publisher = {Springer},
	title = {Modern Applied Statistics with S},
	url = {http://www.stats.ox.ac.uk/pub/MASS4},
	year = {2002},
	Bdsk-Url-1 = {http://www.stats.ox.ac.uk/pub/MASS4}}

@article{nnlib2Rcpp2013,
	author = {Vasilios N. Nikolaidis and Ilias A. Makris and Stavros Stavroyiannis},
	doi = {10.1504/GBER.2013.050667},
	journal = {Global Business and Economics Review},
	number = {1},
	pages = {49--58},
	publisher = {Inderscience Publishers Ltd},
	title = {ANS-based preprocessing of company performance indicators},
	volume = {15},
	year = {2013},
	Bdsk-Url-1 = {https://doi.org/10.1504/GBER.2013.050667}}

@article{optimx2011,
	author = {John C. Nash and Ravi Varadhan},
	journal = {Journal of Statistical Software},
	number = {9},
	pages = {1--14},
	title = {Unifying Optimization Algorithms to Aid Software System Users: {optimx} for {R}},
	url = {http://www.jstatsoft.org/v43/i09/},
	volume = {43},
	year = {2011},
	Bdsk-Url-1 = {http://www.jstatsoft.org/v43/i09/}}

@article{optimx2014,
	author = {John C. Nash},
	journal = {Journal of Statistical Software},
	number = {2},
	pages = {1--14},
	title = {On Best Practice Optimization Methods in {R}},
	url = {http://www.jstatsoft.org/v60/i02/},
	volume = {60},
	year = {2014},
	Bdsk-Url-1 = {http://www.jstatsoft.org/v60/i02/}}

@manual{pnn2013,
	address = {Nancy, France},
	author = {{Chasset P.-O.}},
	note = {Software},
	organization = {Independant scientist},
	title = {PNN: Probabilistic neural network for the statistical language R},
	url = {http://flow.chasset.net/pnn/},
	year = {2013},
	Bdsk-Url-1 = {http://flow.chasset.net/pnn/}}

@article{qrnn2011,
	author = {Alex J. Cannon},
	journal = {Computers \& Geosciences},
	pages = {1277-1284. doi:10.1016/j.cageo.2010.07.005},
	title = {Quantile regression neural networks: implementation in R and application to precipitation downscaling},
	volume = {37},
	year = {2011}}

@article{qrnn2018,
	author = {Alex J. Cannon},
	journal = {Stochastic Environmental Research and Risk Assessment},
	pages = {3207-3225. doi:10.1007/s00477-018-1573-6},
	title = {Non-crossing nonlinear regression quantiles by monotone composite quantile regression neural network, with application to rainfall extremes},
	volume = {32(11)},
	year = {2018}}

@article{rnn2016,
	address = {Maison de la paix, Geneva, Switzerland},
	author = {Bastiaan Quast},
	journal = {Working Papers},
	organization = {The Graduate Institute},
	title = {rnn: a Recurrent Neural Network in R},
	url = {http://qua.st/rnn},
	year = {2016},
	Bdsk-Url-1 = {http://qua.st/rnn}}

@article{RSNNS2012,
	author = {Christoph Bergmeir and Jos\'e M. Ben\'itez},
	journal = {Journal of Statistical Software},
	number = {7},
	pages = {1--26},
	title = {Neural Networks in {R} Using the Stuttgart Neural Network Simulator: {RSNNS}},
	url = {http://www.jstatsoft.org/v46/i07/},
	volume = {46},
	year = {2012},
	Bdsk-Url-1 = {http://www.jstatsoft.org/v46/i07/}}

@article{ruta2019,
	author = {David Charte and Francisco Herrera and Francisco Charte},
	doi = {10.1016/j.knosys.2019.01.014},
	journal = {Knowledge-Based Systems},
	title = {Ruta: Implementations of neural autoencoders in R},
	volume = {In press},
	year = {2019},
	Bdsk-Url-1 = {https://doi.org/10.1016/j.knosys.2019.01.014}}

@inproceedings{tfestimators2017,
	acmid = {3098171},
	address = {New York, NY, USA},
	author = {Heng-Tze Cheng and Lichan Hong and Mustafa Ispir and Clemens Mewald and Zakaria Haque and Illia Polosukhin and Georgios Roumpos and D Sculley and Jamie Smith and David Soergel and Yuan Tang and Philipp Tucker and Martin Wicke and Cassandra Xia and Jianwei Xie},
	booktitle = {Proceedings of the 23rd ACM SIGKDD International Conference on Knowledge Discovery and Data Mining},
	isbn = {978-1-4503-4887-4},
	location = {Halifax, NS, Canada},
	pages = {1763--1771},
	publisher = {ACM},
	title = {TensorFlow Estimators: Managing Simplicity vs. Flexibility in High-Level Machine Learning Frameworks},
	url = {https://doi.org/10.1145/3097983.3098171},
	year = {2017},
	Bdsk-Url-1 = {https://doi.org/10.1145/3097983.3098171}}

@manual{tfestimators2018,
	author = {Yuan Tang and JJ Allaire and {RStudio} and Kevin Ushey and Kevin Kuo and {Google Inc.}},
	title = {tfestimators: High-level Estimator Interface to TensorFlow in R},
	url = {https://github.com/rstudio/tfestimators},
	year = {2018},
	Bdsk-Url-1 = {https://github.com/rstudio/tfestimators}}

@article{trackdem2018,
	author = {Marjolein Bruijning and Marco D Visser and Caspar A Hallmann and Eelke Jongejans},
	journal = {Methods in Ecology and Evolution},
	number = {4},
	pages = {965-973},
	title = {trackdem: Automated particle tracking to obtain population counts and size distributions from videos in R},
	volume = {9},
	year = {2018}}

@article{validann2017,
	author = {{Humphrey} and {G.B.} and {Maier} and {H.R.} and {Wu} and {W.} and {Mount} and {N.J.} and {Dandy} and {G.C.} and {Abrahart} and {R.J.} and {Dawson} and {C.W.}},
	journal = {Environmental Modelling & Software},
	pages = {82--106},
	title = {Improved validation framework and R-package for artificial neural network models},
	url = {http://doi.org/10.1016/j.envsoft.2017.01.023},
	volume = {92},
	year = {2017},
	Bdsk-Url-1 = {http://doi.org/10.1016/j.envsoft.2017.01.023}}

@book{Nash-nlpor14,
	author = {Nash, John C.},
	isbn = {978-1-118-56928-3},
	language = {English},
	month = may,
	note = {Companion website (see \url{http://www.wiley.com/legacy/wileychi/nash/}).},
	pages = {304},
	publisher = {John Wiley \& Sons: Chichester},
	title = {{Nonlinear Parameter Optimization Using R Tools}},
	year = {2014}}

@article{R-tsensembler,
	author = {Vitor Cerqueira and Luis Torgo and Carlos Soares},
	journal = {International Work-Conference on Artificial Neural Networks},
	note = {The R package tsensembler has been archived as of July 2020 because it has not been maintained.},
	organization = {"Springer"},
	pages = {720--732},
	title = {Arbitrated Ensemble for Solar Radiation Forecasting},
	year = {2017}}

@manual{R-polyreg,
	author = {Norm Matloff and Xi Cheng and Pete Mohanty and Bohdan Khomtchouk and Matthew Kotila and Robin Yancey and Robert Tucker and Allan Zhao and Tiffany Jiang},
	note = {R package version 0.6.7},
	title = {{polyreg: Polynomial Regression}},
	url = {https://CRAN.R-project.org/package=polyreg},
	year = {2020},
	Bdsk-Url-1 = {https://CRAN.R-project.org/package=polyreg}}

@manual{R-QuantumOps,
	author = {Salonik Resch},
	note = {R package version 3.0.1},
	title = {QuantumOps: Performs Common Linear Algebra Operations Used in Quantum Computing and Implements Quantum Algorithms},
	url = {https://CRAN.R-project.org/package=QuantumOps},
	year = {2020},
	Bdsk-Url-1 = {https://CRAN.R-project.org/package=QuantumOps}}

@manual{R-caret,
	author = {Max Kuhn},
	note = {R package version 6.0-86},
	title = {caret: Classification and Regression Training},
	url = {https://CRAN.R-project.org/package=caret},
	year = {2020},
	Bdsk-Url-1 = {https://CRAN.R-project.org/package=caret}}

@article{jn77ima,
	author = {Nash, John C.},
	journal = {Journal of the Institute for Mathematics and its Applications},
	note = {JNfile: 77IMA J Appl Math-1977-NASH-231-7.pdf},
	pages = {231--237},
	title = {Minimizing a nonlinear sum of squares function on a small computer},
	url = {https://doi.org/10.1093/imamat/19.2.231},
	volume = {19},
	year = {1977},
	Bdsk-Url-1 = {https://doi.org/10.1093/imamat/19.2.231}}

@book{Ripley-PRNN96,
	author = {Ripley, Brian D.},
	isbn = {978-0-521-46086-7},
	language = {English},
	month = {January},
	pages = {416},
	publisher = {Cambridge University Press},
	title = {{Pattern Recognition and Neural Networks}},
	url = {https://doi.org/10.1017/CBO9780511812651},
	year = {1996},
	Bdsk-Url-1 = {https://doi.org/10.1017/CBO9780511812651}}

@book{Bishop-NNPR95,
	author = {Bishop, Christopher M.},
	isbn = {978-0-198-53864-6},
	language = {English},
	pages = {504},
	publisher = {Clarendon Press},
	title = {{Neural Networks for Pattern Recognition}},
	year = {2005}}

@book{Dreyfus-NN05,
	author = {Dreyfus, Gerard},
	isbn = {978-3-540-22980-3},
	language = {English},
	pages = {498},
	publisher = {Springer-Verlag Berlin Heidelberg},
	title = {{Neural Networks}},
	year = {2005}}

@book{Dreyfus-AS08,
	author = {Dreyfus, Gerard},
	isbn = {978-2-212-12229-9},
	language = {French},
	month = {October},
	pages = {448},
	publisher = {Eyrolles},
	title = {{Apprentissage statistique, Reseaux de neurones, Cartes topologiques, Machines a vecteurs supports}},
	year = {2008}}
