@Manual{R-AMORE,
  title = {AMORE: Artificial Neural Network Training and Simulating},
  author = {Manuel Castejon Limas and Joaquin B. Ordieres Mere and Ana Gonzalez Marcos and Francisco Javier Martinez de Pison Ascacibar and Alpha V. Pernia Espinoza and Fernando Alba Elias and Jose Maria Perez Ramos},
  year = {2020},
  note = {R package version 0.2-16},
  url = {https://CRAN.R-project.org/package=AMORE},
}
@Manual{R-ANN2,
  title = {ANN2: Artificial Neural Networks for Anomaly Detection},
  author = {Bart Lammers},
  year = {2020},
  note = {R package version 2.3.3},
  url = {https://CRAN.R-project.org/package=ANN2},
}
@Manual{R-appnn,
  title = {appnn: Amyloid Propensity Prediction Neural Network},
  author = {Carlos Família and Sarah R. Dennison and Alexandre Quintas and David A. Phoenix},
  year = {2015},
  note = {R package version 1.0-0},
  url = {https://CRAN.R-project.org/package=appnn},
}
@Manual{R-autoencoder,
  title = {autoencoder: Sparse Autoencoder for Automatic Learning of Representative
Features from Unlabeled Data},
  author = {Eugene Dubossarsky and Yuriy Tyshetskiy},
  year = {2015},
  note = {R package version 1.1},
  url = {https://CRAN.R-project.org/package=autoencoder},
}
@Manual{R-automl,
  title = {automl: Deep Learning with Metaheuristic},
  author = {Alex Boulangé},
  year = {2020},
  note = {R package version 1.3.2},
  url = {https://CRAN.R-project.org/package=automl},
}
@Manual{R-BNN,
  title = {BNN: Bayesian Neural Network for High-Dimensional Nonlinear Variable
Selection},
  author = {Bochao Jia},
  year = {2018},
  note = {R package version 1.0.2},
  url = {https://CRAN.R-project.org/package=BNN},
}
@Manual{R-brnn,
  title = {brnn: Bayesian Regularization for Feed-Forward Neural Networks},
  author = {Paulino Perez Rodriguez and Daniel Gianola},
  year = {2020},
  note = {R package version 0.8},
  url = {https://CRAN.R-project.org/package=brnn},
}
@Manual{R-Buddle,
  title = {Buddle: A Deep Learning for Statistical Classification and Regression
Analysis with Random Effects},
  author = {Jiwoong Kim},
  year = {2020},
  note = {R package version 2.0.1},
  url = {https://CRAN.R-project.org/package=Buddle},
}
@Manual{R-CaDENCE,
  title = {CaDENCE: Conditional Density Estimation Network Construction and
Evaluation},
  author = {Alex J. Cannon},
  year = {2017},
  note = {R package version 1.2.5},
  url = {https://CRAN.R-project.org/package=CaDENCE},
}
@Manual{R-cld2,
  title = {cld2: Google's Compact Language Detector 2},
  author = {Jeroen Ooms},
  year = {2018},
  note = {R package version 1.2},
  url = {https://CRAN.R-project.org/package=cld2},
}
@Manual{R-cld3,
  title = {cld3: Google's Compact Language Detector 3},
  author = {Jeroen Ooms},
  year = {2020},
  note = {R package version 1.3},
  url = {https://CRAN.R-project.org/package=cld3},
}
@Manual{R-condmixt,
  title = {condmixt: Conditional Density Estimation with Neural Network Conditional
Mixtures},
  author = {Julie Carreau},
  year = {2020},
  note = {R package version 1.1},
  url = {https://CRAN.R-project.org/package=condmixt},
}
@Manual{R-DamiaNN,
  title = {DamiaNN: Neural Network Numerai},
  author = {Damian Siniakowicz},
  year = {2016},
  note = {R package version 1.0.0},
  url = {https://CRAN.R-project.org/package=DamiaNN},
}
@Manual{R-deep,
  title = {deep: A Neural Networks Framework},
  author = {Brian Lee Mayer},
  year = {2019},
  note = {R package version 0.1.0},
  url = {https://CRAN.R-project.org/package=deep},
}
@Manual{R-deepdive,
  title = {deepdive: Deep Learning for General Purpose},
  author = {Rajesh Balakrishnan},
  year = {2020},
  note = {R package version 1.0.1},
  url = {https://CRAN.R-project.org/package=deepdive},
}
@Manual{R-deepnet,
  title = {deepnet: deep learning toolkit in R},
  author = {Xiao Rong},
  year = {2014},
  note = {R package version 0.2},
  url = {https://CRAN.R-project.org/package=deepnet},
}
@Manual{R-deepNN,
  title = {deepNN: Deep Learning},
  author = {Benjamin Taylor},
  year = {2020},
  note = {R package version 1.0},
  url = {https://CRAN.R-project.org/package=deepNN},
}
@Manual{R-DNMF,
  title = {DNMF: Discriminant Non-Negative Matrix Factorization},
  author = {Zhilong Jia and Xiang Zhang},
  year = {2015},
  note = {R package version 1.3},
  url = {https://CRAN.R-project.org/package=DNMF},
}
@Manual{R-elmNNRcpp,
  title = {elmNNRcpp: The Extreme Learning Machine Algorithm},
  author = {Lampros Mouselimis and Alberto Gosso},
  year = {2018},
  note = {R package version 1.0.1},
  url = {https://CRAN.R-project.org/package=elmNNRcpp},
}
@Manual{R-ELMR,
  title = {ELMR: Extreme Machine Learning (ELM)},
  author = {Alessio Petrozziello},
  year = {2015},
  note = {R package version 1.0},
  url = {https://CRAN.R-project.org/package=ELMR},
}
@Manual{R-EnsembleBase,
  title = {EnsembleBase: Extensible Package for Parallel, Batch Training of Base Learners
for Ensemble Modeling},
  author = {Alireza S. Mahani and Mansour T.A. Sharabiani},
  year = {2016},
  note = {R package version 1.0.2},
  url = {https://CRAN.R-project.org/package=EnsembleBase},
}
@Manual{R-evclass,
  title = {evclass: Evidential Distance-Based Classification},
  author = {Thierry Denoeux},
  year = {2017},
  note = {R package version 1.1.1},
  url = {https://CRAN.R-project.org/package=evclass},
}
@Manual{R-gamlss.add,
  title = {gamlss.add: Extra Additive Terms for Generalized Additive Models for
Location Scale and Shape},
  author = {Mikis Stasinopoulos and Bob Rigby and Vlasios Voudouris and Daniil Kiose},
  year = {2020},
  note = {R package version 5.1-6},
  url = {https://CRAN.R-project.org/package=gamlss.add},
}
@Manual{R-gcForest,
  title = {gcForest: Deep Forest Model},
  author = {Xu Jing},
  year = {2018},
  note = {R package version 0.2.7},
  url = {https://CRAN.R-project.org/package=gcForest},
}
@Manual{R-GMDH,
  title = {GMDH: Short Term Forecasting via GMDH-Type Neural Network Algorithms},
  author = {Osman Dag and Ceylan Yozgatligil},
  year = {2016},
  note = {R package version 1.6},
  url = {https://CRAN.R-project.org/package=GMDH},
}
@Manual{R-GMDH2,
  title = {GMDH2: Binary Classification via GMDH-Type Neural Network Algorithms},
  author = {Osman Dag and Erdem Karabulut and Reha Alpar},
  year = {2019},
  note = {R package version 1.5},
  url = {https://CRAN.R-project.org/package=GMDH2},
}
@Manual{R-GMDHreg,
  title = {GMDHreg: Regression using GMDH Algorithms},
  author = {Manuel Villacorta Tilve},
  year = {2019},
  note = {R package version 0.2.0},
  url = {https://CRAN.R-project.org/package=GMDHreg},
}
@Manual{R-gnn,
  title = {gnn: Generative Neural Networks},
  author = {Marius Hofert and Avinash Prasad},
  year = {2020},
  note = {R package version 0.0-2},
  url = {https://CRAN.R-project.org/package=gnn},
}
@Manual{R-grnn,
  title = {grnn: General regression neural network},
  author = {Pierre-Olivier Chasset},
  year = {2013},
  note = {R package version 0.1.0},
  url = {https://CRAN.R-project.org/package=grnn},
}
@Manual{R-h2o,
  title = {h2o: R Interface for the 'H2O' Scalable Machine Learning Platform},
  author = {Erin LeDell and Navdeep Gill and Spencer Aiello and Anqi Fu and Arno Candel and Cliff Click and Tom Kraljevic and Tomas Nykodym and Patrick Aboyoun and Michal Kurka and Michal Malohlava},
  year = {2020},
  note = {R package version 3.30.0.1},
  url = {https://CRAN.R-project.org/package=h2o},
}
@Manual{R-hybridEnsemble,
  title = {hybridEnsemble: Build, Deploy and Evaluate Hybrid Ensembles},
  author = {Michel Ballings and Dauwe Vercamer and Dirk {Van den Poel}},
  year = {2015},
  note = {R package version 1.0.0},
  url = {https://CRAN.R-project.org/package=hybridEnsemble},
}
@Manual{R-isingLenzMC,
  title = {isingLenzMC: Monte Carlo for Classical Ising Model},
  author = {Mehmet Suzen},
  year = {2016},
  note = {R package version 0.2.5},
  url = {https://CRAN.R-project.org/package=isingLenzMC},
}
@Manual{R-keras,
  title = {keras: R Interface to 'Keras'},
  author = {JJ Allaire and François Chollet},
  year = {2019},
  note = {R package version 2.2.5.0},
  url = {https://CRAN.R-project.org/package=keras},
}
@Manual{R-kerasR,
  title = {kerasR: R Interface to the Keras Deep Learning Library},
  author = {Taylor Arnold},
  year = {2017},
  note = {R package version 0.6.1},
  url = {https://CRAN.R-project.org/package=kerasR},
}
@Manual{R-leabRa,
  title = {leabRa: The Artificial Neural Networks Algorithm Leabra},
  author = {Johannes Titz},
  year = {2017},
  note = {R package version 0.1.0},
  url = {https://CRAN.R-project.org/package=leabRa},
}
@Manual{R-learNN,
  title = {learNN: Examples of Neural Networks},
  author = {Bastiaan Quast},
  year = {2015},
  note = {R package version 0.2.0},
  url = {https://CRAN.R-project.org/package=learNN},
}
@Manual{R-LilRhino,
  title = {LilRhino: For Implementation of Feed Reduction, Learning Examples, NLP and
Code Management},
  author = {Travis Barton},
  year = {2019},
  note = {R package version 1.2.0},
  url = {https://CRAN.R-project.org/package=LilRhino},
}
@Manual{R-MachineShop,
  title = {MachineShop: Machine Learning Models and Tools},
  author = {Brian J Smith},
  year = {2020},
  note = {R package version 2.4.0},
  url = {https://CRAN.R-project.org/package=MachineShop},
}
@Manual{R-minpack.lm,
  title = {minpack.lm: R Interface to the Levenberg-Marquardt Nonlinear Least-Squares
Algorithm Found in MINPACK, Plus Support for Bounds},
  author = {Timur V. Elzhov and Katharine M. Mullen and Andrej-Nikolai Spiess and Ben Bolker},
  year = {2016},
  note = {R package version 1.2-1},
  url = {https://CRAN.R-project.org/package=minpack.lm},
}
@Manual{R-monmlp,
  title = {monmlp: Multi-Layer Perceptron Neural Network with Optional Monotonicity
Constraints},
  author = {Alex J. Cannon},
  year = {2017},
  note = {R package version 1.1.5},
  url = {https://CRAN.R-project.org/package=monmlp},
}
@Manual{R-neural,
  title = {neural: Neural Networks},
  author = {Adam Nagy},
  year = {2014},
  note = {R package version 1.4.2.2},
  url = {https://CRAN.R-project.org/package=neural},
}
@Manual{R-neuralnet,
  title = {neuralnet: Training of Neural Networks},
  author = {Stefan Fritsch and Frauke Guenther and Marvin N. Wright},
  year = {2019},
  note = {R package version 1.44.2},
  url = {https://CRAN.R-project.org/package=neuralnet},
}
@Manual{R-NeuralNetTools,
  title = {NeuralNetTools: Visualization and Analysis Tools for Neural Networks},
  author = {Marcus W. Beck},
  year = {2018},
  note = {R package version 1.5.2},
  url = {https://CRAN.R-project.org/package=NeuralNetTools},
}
@Manual{R-NeuralSens,
  title = {NeuralSens: Sensitivity Analysis of Neural Networks},
  author = {José {Portela González} and Antonio {Muñoz San Roque} and Jaime {Pizarroso Gonzalo}},
  year = {2020},
  note = {R package version 0.2.0},
  url = {https://CRAN.R-project.org/package=NeuralSens},
}
@Manual{R-NlinTS,
  title = {NlinTS: Models for Non Linear Causality Detection in Time Series},
  author = {Youssef Hmamouche},
  year = {2020},
  note = {R package version 1.3.8},
  url = {https://CRAN.R-project.org/package=NlinTS},
}
@Manual{R-nlsr,
  title = {nlsr: Functions for Nonlinear Least Squares Solutions},
  author = {John C Nash and Duncan Murdoch},
  year = {2019},
  note = {R package version 2019.9.7},
  url = {https://CRAN.R-project.org/package=nlsr},
}
@Manual{R-nnet,
  title = {nnet: Feed-Forward Neural Networks and Multinomial Log-Linear Models},
  author = {Brian Ripley},
  year = {2020},
  note = {R package version 7.3-14},
  url = {https://CRAN.R-project.org/package=nnet},
}
@Manual{R-nnetpredint,
  title = {nnetpredint: Prediction Intervals of Multi-Layer Neural Networks},
  author = {Xichen Ding},
  year = {2015},
  note = {R package version 1.2},
  url = {https://CRAN.R-project.org/package=nnetpredint},
}
@Manual{R-nnfor,
  title = {nnfor: Time Series Forecasting with Neural Networks},
  author = {Nikolaos Kourentzes},
  year = {2019},
  note = {R package version 0.9.6},
  url = {https://CRAN.R-project.org/package=nnfor},
}
@Manual{R-nnlib2Rcpp,
  title = {nnlib2Rcpp: A Collection of Neural Networks},
  author = {Vasilis Nikolaidis},
  year = {2020},
  note = {R package version 0.1.2},
  url = {https://CRAN.R-project.org/package=nnlib2Rcpp},
}
@Manual{R-nntrf,
  title = {nntrf: Supervised Data Transformation by Means of Neural Network Hidden
Layers},
  author = {Ricardo Aler and Jose Valls},
  year = {2020},
  note = {R package version 0.1.0},
  url = {https://CRAN.R-project.org/package=nntrf},
}
@Manual{R-onnx,
  title = {onnx: R Interface to 'ONNX'},
  author = {Yuan Tang and {ONNX Authors}},
  year = {2018},
  note = {R package version 0.0.2},
  url = {https://CRAN.R-project.org/package=onnx},
}
@Manual{R-OptimClassifier,
  title = {OptimClassifier: Create the Best Train for Classification Models},
  author = {Agustin Perez-Martin and Agustin Perez-Torregrosa and Marta Vaca-Lamata and Antonio Jose Verdu-Jover},
  year = {2020},
  note = {R package version 0.1.5},
  url = {https://CRAN.R-project.org/package=OptimClassifier},
}
@Manual{R-optimx,
  title = {optimx: Expanded Replacement and Extension of the 'optim' Function},
  author = {John C Nash and Ravi Varadhan},
  year = {2020},
  note = {R package version 2020-4.2},
  url = {https://CRAN.R-project.org/package=optimx},
}
@Manual{R-OSTSC,
  title = {OSTSC: Over Sampling for Time Series Classification},
  author = {Matthew Dixon and Diego Klabjan and Lan Wei},
  year = {2017},
  note = {R package version 0.0.1},
  url = {https://CRAN.R-project.org/package=OSTSC},
}
@Manual{R-passt,
  title = {passt: Probability Associator Time (PASS-T)},
  author = {Johannes Titz},
  year = {2019},
  note = {R package version 0.1.1},
  url = {https://CRAN.R-project.org/package=passt},
}
@Manual{R-pnn,
  title = {pnn: Probabilistic neural networks},
  author = {Pierre-Olivier Chasset},
  year = {2013},
  note = {R package version 1.0.1},
  url = {https://CRAN.R-project.org/package=pnn},
}
@Manual{R-predictoR,
  title = {predictoR: Predictive Data Analysis System},
  author = {Oldemar Rodriguez R. with contributions from Diego Jimenez A. and Andres Navarro D.},
  year = {2019},
  note = {R package version 1.1.0},
  url = {https://CRAN.R-project.org/package=predictoR},
}
@Manual{R-ProcData,
  title = {ProcData: Process Data Analysis},
  author = {Xueying Tang and Susu Zhang and Zhi Wang and Jingchen Liu and Zhiliang Ying},
  year = {2020},
  note = {R package version 0.2.5},
  url = {https://CRAN.R-project.org/package=ProcData},
}
@Manual{R-qrnn,
  title = {qrnn: Quantile Regression Neural Network},
  author = {Alex J. Cannon},
  year = {2019},
  note = {R package version 2.0.5},
  url = {https://CRAN.R-project.org/package=qrnn},
}
@Manual{R-quarrint,
  title = {quarrint: Interaction Prediction Between Groundwater and Quarry Extension
Using Discrete Choice Models and Artificial Neural Networks},
  author = {Johan Barthelemy and Timoteo Carletti and Louise Collier and Vincent Hallet and Marie Moriame and Annick Sartenaer},
  year = {2016},
  note = {R package version 1.0.0},
  url = {https://CRAN.R-project.org/package=quarrint},
}
@Manual{R-radiant.model,
  title = {radiant.model: Model Menu for Radiant: Business Analytics using R and Shiny},
  author = {Vincent Nijs},
  year = {2020},
  note = {R package version 1.3.10},
  url = {https://CRAN.R-project.org/package=radiant.model},
}
@Manual{R-rasclass,
  title = {rasclass: Supervised Raster Image Classification},
  author = {Daniel Wiesmann and David Quinn},
  year = {2016},
  note = {R package version 0.2.2},
  url = {https://CRAN.R-project.org/package=rasclass},
}
@Manual{R-rcane,
  title = {rcane: Different Numeric Optimizations to Estimate Parameter
Coefficients},
  author = {Akshay Suresh and Siddhesh Acharekar and Hsiangwei Chao and Shiva Yogi Biradar},
  year = {2018},
  note = {R package version 1.0},
  url = {https://CRAN.R-project.org/package=rcane},
}
@Manual{R-regressoR,
  title = {regressoR: Regression Data Analysis System},
  author = {Oldemar {Rodriguez R.}},
  year = {2019},
  note = {R package version 1.1.8},
  url = {https://CRAN.R-project.org/package=regressoR},
}
@Manual{R-rminer,
  title = {rminer: Data Mining Classification and Regression Methods},
  author = {Paulo Cortez},
  year = {2020},
  note = {R package version 1.4.5},
  url = {https://CRAN.R-project.org/package=rminer},
}
@Manual{R-rnn,
  title = {rnn: Recurrent Neural Network},
  author = {Bastiaan Quast and Dimitri Fichou},
  year = {2019},
  note = {R package version 0.9.8},
  url = {https://CRAN.R-project.org/package=rnn},
}
@Manual{R-RSNNS,
  title = {RSNNS: Neural Networks using the Stuttgart Neural Network Simulator
(SNNS)},
  author = {Christoph Bergmeir},
  year = {2019},
  note = {R package version 0.4-12},
  url = {https://CRAN.R-project.org/package=RSNNS},
}
@Manual{R-RTextTools,
  title = {RTextTools: Automatic Text Classification via Supervised Learning},
  author = {Timothy P. Jurka and Loren Collingwood and Amber E. Boydstun and Emiliano Grossman and Wouter {van Atteveldt}},
  year = {2020},
  note = {R package version 1.4.3},
  url = {https://CRAN.R-project.org/package=RTextTools},
}
@Manual{R-ruta,
  title = {ruta: Implementation of Unsupervised Neural Architectures},
  author = {David Charte and Francisco Charte and Francisco Herrera},
  year = {2019},
  note = {R package version 1.1.0},
  url = {https://CRAN.R-project.org/package=ruta},
}
@Manual{R-RWsearch,
  title = {RWsearch: Lazy Search in R Packages, Task Views, CRAN, the Web. All-in-One
Download},
  author = {Patrice Kiener},
  year = {2020},
  note = {R package version 4.8.0},
  url = {https://CRAN.R-project.org/package=RWsearch},
}
@Manual{R-simpleNeural,
  title = {simpleNeural: An Easy to Use Multilayer Perceptron},
  author = {David Dernoncourt},
  year = {2020},
  note = {R package version 0.1.3},
  url = {https://CRAN.R-project.org/package=simpleNeural},
}
@Manual{R-snnR,
  title = {snnR: Sparse Neural Networks for Genomic Selection in Animal Breeding},
  author = {Yangfan Wang and Ping Lin and Zhihui Chen and Zhenmin Bao and Guilherme J. M. Rosa},
  year = {2017},
  note = {R package version 1.0},
  url = {https://CRAN.R-project.org/package=snnR},
}
@Manual{R-softmaxreg,
  title = {softmaxreg: Training Multi-Layer Neural Network for Softmax Regression and
Classification},
  author = {Xichen Ding},
  year = {2016},
  note = {R package version 1.2},
  url = {https://CRAN.R-project.org/package=softmaxreg},
}
@Manual{R-Sojourn.Data,
  title = {Sojourn.Data: Supporting Objects for Sojourn Accelerometer Methods},
  author = {Paul R. Hibbing and Kate Lyden},
  year = {2019},
  note = {R package version 0.1.0},
  url = {https://CRAN.R-project.org/package=Sojourn.Data},
}
@Manual{R-spnn,
  title = {spnn: Scale Invariant Probabilistic Neural Networks},
  author = {Romin Ebrahimi},
  year = {2020},
  note = {R package version 1.2.1},
  url = {https://CRAN.R-project.org/package=spnn},
}
@Manual{R-studyStrap,
  title = {studyStrap: Study Strap and Multi-Study Learning Algorithms},
  author = {Gabriel Loewinger},
  year = {2020},
  note = {R package version 1.0.0},
  url = {https://CRAN.R-project.org/package=studyStrap},
}
@Manual{R-TeachNet,
  title = {TeachNet: Fits Neural Networks to Learn About Backpropagation},
  author = {Georg Steinbuss},
  year = {2018},
  note = {R package version 0.7.1},
  url = {https://CRAN.R-project.org/package=TeachNet},
}
@Manual{R-tensorflow,
  title = {tensorflow: R Interface to 'TensorFlow'},
  author = {JJ Allaire and Yuan Tang},
  year = {2019},
  note = {R package version 2.0.0},
  url = {https://CRAN.R-project.org/package=tensorflow},
}
@Manual{R-tfestimators,
  title = {tfestimators: Interface to 'TensorFlow' Estimators},
  author = {JJ Allaire and Yuan Tang and Kevin Ushey and Kevin Kuo},
  year = {2018},
  note = {R package version 1.9.1},
  url = {https://CRAN.R-project.org/package=tfestimators},
}
@Manual{R-trackdem,
  title = {trackdem: Particle Tracking and Demography},
  author = {Marjolein Bruijning and Marco D. Visser and Caspar A. Hallmann and Eelke Jongejans},
  year = {2020},
  note = {R package version 0.5.2},
  url = {https://CRAN.R-project.org/package=trackdem},
}
@Manual{R-TrafficBDE,
  title = {TrafficBDE: Traffic Status Prediction in Urban Places using Neural Network
Models},
  author = {Aikaterini Chatzopoulou and Kleanthis Koupidis and Charalampos Bratsas},
  year = {2018},
  note = {R package version 0.1.0},
  url = {https://CRAN.R-project.org/package=TrafficBDE},
}
@Manual{R-traineR,
  title = {traineR: Predictive Models Homologator},
  author = {Oldemar {Rodriguez R.}},
  year = {2019},
  note = {R package version 1.0.0},
  url = {https://CRAN.R-project.org/package=traineR},
}
@Manual{R-tsfgrnn,
  title = {tsfgrnn: Time Series Forecasting Using GRNN},
  author = {Maria Pilar Frias-Bustamante and Ana Maria Martinez-Rodriguez and Antonio Conde-Sanchez and Francisco Martinez},
  year = {2019},
  note = {R package version 0.1.0},
  url = {https://CRAN.R-project.org/package=tsfgrnn},
}
@Manual{R-validann,
  title = {validann: Validation Tools for Artificial Neural Networks},
  author = {Greer B. Humphrey},
  year = {2017},
  note = {R package version 1.2.1},
  url = {https://CRAN.R-project.org/package=validann},
}
@Manual{R-yager,
  title = {yager: Yet Another General Regression Neural Network},
  author = {WenSui Liu},
  year = {2020},
  note = {R package version 0.1.0},
  url = {https://CRAN.R-project.org/package=yager},
}
@Manual{R-yap,
  title = {yap: Yet Another Probabilistic Neural Network},
  author = {WenSui Liu},
  year = {2020},
  note = {R package version 0.1.0},
  url = {https://CRAN.R-project.org/package=yap},
}
@Manual{R-zFactor,
  title = {zFactor: Calculate the Compressibility Factor 'z' for Hydrocarbon Gases},
  author = {Alfonso R. Reyes},
  year = {2019},
  note = {R package version 0.1.9},
  url = {https://CRAN.R-project.org/package=zFactor},
}
@Article{CaDENCE2012,
  title = {Neural networks for probabilistic environmental prediction: Conditional Density Estimation Network Creation \& Evaluation (CaDENCE) in R},
  author = {Alex J. Cannon},
  year = {2012},
  journal = {Computers \& Geosciences},
  volume = {41},
  pages = {126-135. doi:10.1016/j.cageo.2011.08.023},
}
@Article{GMDH2016,
  title = {GMDH: An R Package for Short Term Forecasting via GMDH-Type Neural Network Algorithms.},
  author = {O. Dag and C. Yozgatligil},
  journal = {The R Journal},
  year = {2016},
  volume = {8},
  number = {1},
  pages = {379-386},
  url = {https://journal.r-project.org/archive/2016-1/yozgatligil-dag.pdf},
}
@Article{GMDH22019,
  title = {{GMDH2: Binary Classification via GMDH-Type Neural Network Algorithms - R Package and Web-Based Tool}},
  author = {O. Dag and E. Karabulut and R. Alpar},
  journal = {{International Journal of Computational Intelligence Systems}},
  year = {2019},
  volume = {12},
  number = {2},
  pages = {649--660},
  url = {https://www.atlantis-press.com/journals/ijcis/125911202},
}
@Manual{grnn2013,
  title = {GRNN: General regression neural network for the statistical software R},
  author = {{P.-O. Chasset}},
  organization = {Independant scientist},
  address = {Nancy, France},
  year = {2013},
  note = {Software},
  url = {http://flow.chasset.net/r-grnn/},
}
@Article{isingLenzMC2014,
  title = {Effective ergodicity in single-spin-flip dynamics},
  author = {Mehmet Suezen},
  number = {90},
  pages = {32141},
  journal = {Phys. Rev. E},
  year = {2014},
  url = {http://journals.aps.org/pre/abstract/10.1103/PhysRevE.90.032141},
}
@Unpublished{isingLenzMC2020,
  title = {Anomalous diffusion in convergence to effective ergodicity},
  author = {Mehmet Suezen},
  note = {pre-print},
  url = {https://arxiv.org/abs/1606.08693},
}
@Article{NeuralNetTools2018,
  title = {{NeuralNetTools}: Visualization and Analysis Tools for Neural Networks},
  author = {Marcus W. Beck},
  journal = {Journal of Statistical Software},
  year = {2018},
  volume = {85},
  number = {11},
  pages = {1--20},
  doi = {10.18637/jss.v085.i11},
}
@Book{nnet2002,
  title = {Modern Applied Statistics with S},
  author = {W. N. Venables and B. D. Ripley},
  publisher = {Springer},
  edition = {Fourth},
  address = {New York},
  year = {2002},
  note = {ISBN 0-387-95457-0},
  url = {http://www.stats.ox.ac.uk/pub/MASS4},
}
@Article{nnlib2Rcpp2013,
  title = {ANS-based preprocessing of company performance indicators},
  author = {Vasilios N. Nikolaidis and Ilias A. Makris and Stavros Stavroyiannis},
  journal = {Global Business and Economics Review},
  volume = {15},
  number = {1},
  pages = {49--58},
  year = {2013},
  publisher = {Inderscience Publishers Ltd},
  doi = {10.1504/GBER.2013.050667},
}
@Article{optimx2011,
  title = {Unifying Optimization Algorithms to Aid Software System Users: {optimx} for {R}},
  author = {John C. Nash and Ravi Varadhan},
  journal = {Journal of Statistical Software},
  year = {2011},
  volume = {43},
  number = {9},
  pages = {1--14},
  url = {http://www.jstatsoft.org/v43/i09/},
}
@Article{optimx2014,
  title = {On Best Practice Optimization Methods in {R}},
  author = {John C. Nash},
  journal = {Journal of Statistical Software},
  year = {2014},
  volume = {60},
  number = {2},
  pages = {1--14},
  url = {http://www.jstatsoft.org/v60/i02/},
}
@Manual{pnn2013,
  title = {PNN: Probabilistic neural network for the statistical language R},
  author = {{Chasset P.-O.}},
  organization = {Independant scientist},
  address = {Nancy, France},
  year = {2013},
  note = {Software},
  url = {http://flow.chasset.net/pnn/},
}
@Article{qrnn2011,
  title = {Quantile regression neural networks: implementation in R and application to precipitation downscaling},
  author = {Alex J. Cannon},
  year = {2011},
  journal = {Computers \& Geosciences},
  volume = {37},
  pages = {1277-1284. doi:10.1016/j.cageo.2010.07.005},
}
@Article{qrnn2018,
  title = {Non-crossing nonlinear regression quantiles by monotone composite quantile regression neural network, with application to rainfall extremes},
  author = {Alex J. Cannon},
  year = {2018},
  journal = {Stochastic Environmental Research and Risk Assessment},
  volume = {32(11)},
  pages = {3207-3225. doi:10.1007/s00477-018-1573-6},
}
@Article{rnn2016,
  title = {rnn: a Recurrent Neural Network in R},
  author = {Bastiaan Quast},
  organization = {The Graduate Institute},
  address = {Maison de la paix, Geneva, Switzerland},
  year = {2016},
  journal = {Working Papers},
  url = {http://qua.st/rnn},
}
@Article{RSNNS2012,
  title = {Neural Networks in {R} Using the Stuttgart Neural Network Simulator: {RSNNS}},
  author = {Christoph Bergmeir and Jos\'e M. Ben\'itez},
  journal = {Journal of Statistical Software},
  year = {2012},
  volume = {46},
  number = {7},
  pages = {1--26},
  url = {http://www.jstatsoft.org/v46/i07/},
}
@Article{ruta2019,
  title = {Ruta: Implementations of neural autoencoders in R},
  author = {David Charte and Francisco Herrera and Francisco Charte},
  journal = {Knowledge-Based Systems},
  year = {2019},
  volume = {In press},
  doi = {10.1016/j.knosys.2019.01.014},
}
@InProceedings{tfestimators2017,
  author = {Heng-Tze Cheng and Lichan Hong and Mustafa Ispir and Clemens Mewald and Zakaria Haque and Illia Polosukhin and Georgios Roumpos and D Sculley and Jamie Smith and David Soergel and Yuan Tang and Philipp Tucker and Martin Wicke and Cassandra Xia and Jianwei Xie},
  title = {TensorFlow Estimators: Managing Simplicity vs. Flexibility in High-Level Machine Learning Frameworks},
  booktitle = {Proceedings of the 23rd ACM SIGKDD International Conference on Knowledge Discovery and Data Mining},
  year = {2017},
  isbn = {978-1-4503-4887-4},
  location = {Halifax, NS, Canada},
  pages = {1763--1771},
  url = {http://doi.acm.org/10.1145/3097983.3098171},
  doi = {10.1145/3097983.3098171},
  acmid = {3098171},
  publisher = {ACM},
  address = {New York, NY, USA},
}
@Manual{tfestimators2018,
  author = {Yuan Tang and JJ Allaire and {RStudio} and Kevin Ushey and Kevin Kuo and {Google Inc.}},
  title = {tfestimators: High-level Estimator Interface to TensorFlow in R},
  year = {2018},
  url = {https://github.com/rstudio/tfestimators},
}
@Article{trackdem2018,
  title = {trackdem: Automated particle tracking to obtain population counts and size distributions from videos in R},
  author = {Marjolein Bruijning and Marco D Visser and Caspar A Hallmann and Eelke Jongejans},
  journal = {Methods in Ecology and Evolution},
  volume = {9},
  number = {4},
  pages = {965-973},
  year = {2018},
}
@Article{validann2017,
  title = {Improved validation framework and R-package for artificial neural network models},
  author = {{Humphrey} and {G.B.} and {Maier} and {H.R.} and {Wu} and {W.} and {Mount} and {N.J.} and {Dandy} and {G.C.} and {Abrahart} and {R.J.} and {Dawson} and {C.W.}},
  journal = {Environmental Modelling & Software},
  year = {2017},
  volume = {92},
  pages = {82--106},
  url = {http://doi.org/10.1016/j.envsoft.2017.01.023},
}

@Book{Nash-nlpor14,
  title     = {{Nonlinear Parameter Optimization Using R Tools}},
  publisher = {John Wiley \& Sons: Chichester},
  year      = {2014},
  author    = {Nash, John C.},
  month     = may,
  isbn      = {978-1-118-56928-3},
  note      = {Companion website (see \url{http://www.wiley.com//legacy/wileychi/nash/}).},
  language  = {English},
  pages     = {304}
}
